@inproceedings{de2019monolithic,
	title={From monolithic architecture to microservices architecture},
	author={De Lauretis, Lorenzo},
	booktitle={2019 IEEE International Symposium on Software Reliability Engineering Workshops (ISSREW)},
	pages={93--96},
	year={2019},
	organization={IEEE}
}

@article{taibi2017processes,
	title={Processes, motivations, and issues for migrating to microservices architectures: An empirical investigation},
	author={Taibi, Davide and Lenarduzzi, Valentina and Pahl, Claus},
	journal={IEEE Cloud Computing},
	volume={4},
	number={5},
	pages={22--32},
	year={2017},
	publisher={IEEE}
}

@article{makris2022performance,
	title={Performance analysis of storage systems in edge computing infrastructures},
	author={Makris, Antonios and Kontopoulos, Ioannis and Psomakelis, Evangelos and Xyalis, Stylianos Nektarios and Theodoropoulos, Theodoros and Tserpes, Konstantinos},
	journal={Applied Sciences},
	volume={12},
	number={17},
	pages={8923},
	year={2022},
	publisher={MDPI}
}

@book{walls2015spring,
	title={Spring Boot in action},
	author={Walls, Craig},
	year={2015},
	publisher={Simon and Schuster}
}

@inproceedings{mythily2022analysis,
	title={An analysis of the significance of spring boot in the market},
	author={Mythily, M and Raj, A Samson Arun and Joseph, Iwin Thanakumar},
	booktitle={2022 International Conference on Inventive Computation Technologies (ICICT)},
	pages={1277--1281},
	year={2022},
	organization={IEEE}
}

@article{alsultanny2010database,
	title={Database management and partitioning to improve database processing performance},
	author={Alsultanny, Yas},
	journal={Journal of Database Marketing \& Customer Strategy Management},
	volume={17},
	pages={271--276},
	year={2010},
	publisher={Springer}
}

@article{codd1970relational,
	title={A relational model of data for large shared data banks},
	author={Codd, Edgar F},
	journal={Communications of the ACM},
	volume={13},
	number={6},
	pages={377--387},
	year={1970},
	publisher={ACM New York, NY, USA}
}

@article{eddelbuettel2022brief,
	title={A brief introduction to redis},
	author={Eddelbuettel, Dirk},
	journal={arXiv preprint arXiv:2203.06559},
	year={2022}
}

@article{ghazi2015hadoop,
	title={Hadoop, MapReduce and HDFS: a developers perspective},
	author={Ghazi, Mohd Rehan and Gangodkar, Durgaprasad},
	journal={Procedia Computer Science},
	volume={48},
	pages={45--50},
	year={2015},
	publisher={Elsevier}
}


